<record><leader>00000cas a2200000 a 4500</leader><controlfield tag="001">10522658</controlfield><controlfield tag="008">840315d19771995nbudr ne      0   a0eng  </controlfield><controlfield tag="009">466</controlfield><datafield ind1=" " ind2=" " tag="010"><subfield code="a">sn 84020262 </subfield></datafield><datafield ind1=" " ind2=" " tag="040"><subfield code="a">DLC</subfield><subfield code="b">eng</subfield><subfield code="c">DLC</subfield><subfield code="d">NSD</subfield><subfield code="d">OCL</subfield><subfield code="d">DLC</subfield><subfield code="d">OCL</subfield><subfield code="d">NVG</subfield><subfield code="d">DLC</subfield><subfield code="d">OCL</subfield><subfield code="d">OCLCQ</subfield><subfield code="d">OCLCO</subfield><subfield code="d">OCLCF</subfield></datafield><datafield ind1=" " ind2=" " tag="012"><subfield code="m">1</subfield></datafield><datafield ind1=" " ind2=" " tag="019"><subfield code="a">13789981</subfield></datafield><datafield ind1="1" ind2=" " tag="022"><subfield code="a">1054-7983</subfield><subfield code="l">1054-7983</subfield><subfield code="2">1</subfield></datafield><datafield ind1="1" ind2=" " tag="029"><subfield code="a">AU@</subfield><subfield code="b">000021895715</subfield></datafield><datafield ind1=" " ind2=" " tag="032"><subfield code="a">313560</subfield><subfield code="b">USPS</subfield></datafield><datafield ind1=" " ind2=" " tag="042"><subfield code="a">msc</subfield><subfield code="a">nsdp</subfield></datafield><datafield ind1=" " ind2=" " tag="043"><subfield code="a">n-us-nb</subfield></datafield><datafield ind1="0" ind2="0" tag="050"><subfield code="a">Newspaper Microfilm 1274</subfield></datafield><datafield ind1="0" ind2=" " tag="130"><subfield code="a">Lincoln journal (Lincoln, Neb.)</subfield></datafield><datafield ind1=" " ind2="0" tag="222"><subfield code="a">Lincoln journal</subfield><subfield code="b">(Lincoln, Neb.)</subfield></datafield><datafield ind1="0" ind2="0" tag="245"><subfield code="a">Lincoln journal.</subfield></datafield><datafield ind1="1" ind2=" " tag="246"><subfield code="i">Issues for Sunday &lt;1977&gt;-May 6, 1984 published as:</subfield><subfield code="a">Snday journal and star</subfield></datafield><datafield ind1="1" ind2=" " tag="246"><subfield code="i">Issues for Sunday May 13, 1984-Dec. 16, 1990 published as:</subfield><subfield code="a">Sunday journal-star</subfield></datafield><datafield ind1="1" ind2=" " tag="246"><subfield code="i">Issues for Saturday, Sunday, and national holidays Dec. 22, 1990-Aug. 6, 1995 published as:</subfield><subfield code="a">Lincoln journal-star</subfield></datafield><datafield ind1="3" ind2="0" tag="246"><subfield code="a">Journal</subfield></datafield><datafield ind1=" " ind2=" " tag="260"><subfield code="a">Lincoln, Neb. :</subfield><subfield code="b">Journal Star Print. Co.,</subfield><subfield code="c">1977-1995.</subfield></datafield><datafield ind1=" " ind2=" " tag="300"><subfield code="a">21 v.</subfield></datafield><datafield ind1=" " ind2=" " tag="310"><subfield code="a">Daily</subfield></datafield><datafield ind1="0" ind2=" " tag="362"><subfield code="a">Vol. 110, no. 86 (Apr. 11, 1977)-v. 130, no. 152 (Aug. 4, 1995).</subfield></datafield><datafield ind1=" " ind2=" " tag="530"><subfield code="a">Available on microfilm from Bell &amp; Howell Information and Learning.</subfield></datafield><datafield ind1=" " ind2=" " tag="580"><subfield code="a">Merged with: Lincoln star, to form: Lincoln journal star.</subfield></datafield><datafield ind1=" " ind2="0" tag="651"><subfield code="a">Lincoln (Neb.)</subfield><subfield code="v">Newspapers.</subfield></datafield><datafield ind1=" " ind2="0" tag="651"><subfield code="a">Lancaster County (Neb.)</subfield><subfield code="v">Newspapers.</subfield></datafield><datafield ind1=" " ind2="7" tag="655"><subfield code="a">Newspapers.</subfield><subfield code="2">fast</subfield><subfield code="0">(OCoLC)fst01423814</subfield></datafield><datafield ind1=" " ind2="7" tag="651"><subfield code="a">Nebraska</subfield><subfield code="z">Lancaster County.</subfield><subfield code="2">fast</subfield><subfield code="0">(OCoLC)fst01211912</subfield></datafield><datafield ind1=" " ind2="7" tag="651"><subfield code="a">Nebraska</subfield><subfield code="z">Lincoln.</subfield><subfield code="2">fast</subfield><subfield code="0">(OCoLC)fst01208321</subfield></datafield><datafield ind1=" " ind2=" " tag="752"><subfield code="a">United States</subfield><subfield code="b">Nebraska</subfield><subfield code="c">Lancaster</subfield><subfield code="d">Lincoln.</subfield></datafield><datafield ind1="0" ind2="0" tag="780"><subfield code="t">Lincoln evening journal (Lincoln, Neb. : 1973)</subfield><subfield code="w">(DLC)sn 84020261</subfield><subfield code="w">(OCoLC)10521007</subfield></datafield><datafield ind1="1" ind2="7" tag="785"><subfield code="t">Lincoln star</subfield><subfield code="x">1054-7975</subfield><subfield code="w">(DLC)sn 91003329</subfield><subfield code="w">(OCoLC)13300473</subfield></datafield><datafield ind1="1" ind2="7" tag="785"><subfield code="t">Lincoln journal star</subfield><subfield code="x">1084-5283</subfield><subfield code="w">(DLC)sn 95005399</subfield><subfield code="w">(OCoLC)33075139</subfield></datafield></record>